<?xml version="1.0" encoding="UTF-8"?><collection xmlns="http://www.loc.gov/MARC21/slim"><record><leader>00524nam--2200193-i-4500</leader><controlfield tag="001">000031936</controlfield><controlfield tag="002">20161230</controlfield><controlfield tag="005">20161230201038</controlfield><controlfield tag="008">060222s1000------------r-----000-0-fre-d</controlfield><datafield ind1=" " ind2=" " tag="040"><subfield code="a">IFIN-HH</subfield></datafield><datafield ind1=" " ind2=" " tag="041"><subfield code="a">fre</subfield></datafield><datafield ind1=" " ind2=" " tag="080"><subfield code="a">531.011</subfield></datafield><datafield ind1="1" ind2=" " tag="100"><subfield code="a">Mercier, Andre</subfield></datafield><datafield ind1="1" ind2="0" tag="245"><subfield code="a">Principes de mecanique analytique</subfield><subfield code="c">Andre mercier</subfield></datafield><datafield ind1=" " ind2=" " tag="260"><subfield code="a">Paris</subfield><subfield code="b">Gauthier-villars</subfield><subfield code="c">1955</subfield></datafield><datafield ind1=" " ind2=" " tag="300"><subfield code="a">XI + 132P</subfield></datafield><datafield ind1=" " ind2=" " tag="490"><subfield code="a">Traite De Physique Theoriqueet De Physique Mathematique</subfield></datafield><datafield ind1=" " ind2=" " tag="852"><subfield code="a">10381</subfield><subfield code="c">530.1</subfield></datafield><datafield ind1=" " ind2=" " tag="CAT"><subfield code="a">Sys</subfield><subfield code="c">20160414</subfield><subfield code="h">121448</subfield></datafield></record></collection>